<?xml version="1.0" encoding="UTF-8"?><collection xmlns="http://www.loc.gov/MARC21/slim"><record><leader>00410nam--2200133-i-4500</leader><controlfield tag="001">000038778</controlfield><controlfield tag="002">20161230</controlfield><controlfield tag="005">20161230201042</controlfield><controlfield tag="008">060222s1000------------r-----000-0-eng-d</controlfield><datafield ind1=" " ind2=" " tag="080"><subfield code="a">535.37(043)</subfield></datafield><datafield ind1=" " ind2=" " tag="100"><subfield code="a">Ricard, Andre</subfield></datafield><datafield ind1=" " ind2=" " tag="245"><subfield code="a">Contribution a l`etude des atomes metastables dans des decharges luminescences de gaz rare a l`etat stationnaire. these</subfield></datafield><datafield ind1=" " ind2=" " tag="260"><subfield code="a">Toulouse, Univ., 1971. 137 P</subfield></datafield><datafield ind1=" " ind2=" " tag="852"><subfield code="a">77778</subfield></datafield></record></collection>